<?xml version="1.0" encoding="UTF-8"?><collection xmlns="http://www.loc.gov/MARC21/slim"><record><leader>00643nam--2200181-i-4500</leader><controlfield tag="001">000028372</controlfield><controlfield tag="002">20161230</controlfield><controlfield tag="005">20161230201037</controlfield><controlfield tag="008">060222s1000------------r-----000-0-eng-d</controlfield><datafield ind1=" " ind2=" " tag="040"><subfield code="a">IFIN-HH</subfield></datafield><datafield ind1=" " ind2=" " tag="080"><subfield code="a">539.17.01(061.3)</subfield></datafield><datafield ind1="1" ind2=" " tag="100"><subfield code="a">Kennedy, Hugh P</subfield></datafield><datafield ind1="1" ind2="0" tag="245"><subfield code="a">Intermediate structure in nuclear reactions</subfield><subfield code="b">Lectures by richard h. lemmer, leonard s. rodberg, james e. young, j.j. griffin, alexander lande</subfield><subfield code="c">Hugh p. kennnedy, rudolph schrils (eds.)</subfield></datafield><datafield ind1=" " ind2=" " tag="260"><subfield code="a">Lexington, Kentucky</subfield><subfield code="b">University Of Kentucky Press</subfield><subfield code="c">1968</subfield></datafield><datafield ind1=" " ind2=" " tag="300"><subfield code="a">VIII + 219P</subfield></datafield><datafield ind1="1" ind2=" " tag="700"><subfield code="a">Schrils, Rudolph</subfield><subfield code="e">Ed</subfield></datafield><datafield ind1=" " ind2=" " tag="852"><subfield code="a">30575</subfield><subfield code="c">539.17</subfield></datafield><datafield ind1=" " ind2=" " tag="CAT"><subfield code="a">Sys</subfield><subfield code="c">20120606</subfield><subfield code="h">122626</subfield></datafield></record></collection>